


% Arguing for the benefits of sharing raw powder diffraction data
@article{Aranda2018,
  title={Sharing powder diffraction raw data: challenges and benefits},
  author={M. Aranda},
  journal={Journal of Applied Crystallography},
  year={2018},
  doi={10.1107/S160057671801556X},
  url={https://consensus.app/papers/sharing-powder-diffraction-data-challenges-benefits-aranda/cf1abd51b3ef52b2a40c477938678322/?utm_source=chatgpt}
}
